@misc{brown2020language,
      title={Language Models are Few-Shot Learners}, 
      author={Tom B. Brown and Benjamin Mann and Nick Ryder and Melanie Subbiah and Jared Kaplan and Prafulla Dhariwal and Arvind Neelakantan and Pranav Shyam and Girish Sastry and Amanda Askell and Sandhini Agarwal and Ariel Herbert-Voss and Gretchen Krueger and Tom Henighan and Rewon Child and Aditya Ramesh and Daniel M. Ziegler and Jeffrey Wu and Clemens Winter and Christopher Hesse and Mark Chen and Eric Sigler and Mateusz Litwin and Scott Gray and Benjamin Chess and Jack Clark and Christopher Berner and Sam McCandlish and Alec Radford and Ilya Sutskever and Dario Amodei},
      year={2020},
      eprint={2005.14165},
      archivePrefix={arXiv},
      primaryClass={cs.CL}
}

@manual{avsfag2020,
	title = {/AIDG/ Writing Guide v 1.0},
	author = {Avsfag},
	year = {2020},
	url = {https://guide.aidg.club/AIDG-Writing-Guide/AIDG%20Writing%20Guide.html},
	entrysubtype = {coomer},
	annotation = {/aidg/’s premiere guide for new learners and general concepts.}
}

@manual{avsfag2020org,
	title = {/AIDG/ Writing Guide v 1.0},
	author = {Avsfag},
	year = {2020},
	url = {https://docs.google.com/document/d/1wSz3xlWlqMLFKrLkrO4dNWNZT1vxtrLmq2yGPJj2f4M/edit?usp=sharing},
	entrysubtype = {writing},
	annotation = {The original, outdated Google Docs version of /AIDG/ Writing Guide.}
}

@online{branwen2020,
	title = {GPT-3 Creative Fiction},
	author = {Gwern Branwen},
	year = {2020},
	url = {https://www.gwern.net/GPT-3},
	entrysubtype = {coomer},
	annotation = {An absolutely massive technical compendium of Gwern’s experiments with GPT-3 and its creative writing abilities.}
}

@manual{failedsave2020,
	title = {Guide to Erotic Storytelling with AI Dungeon},
	author = {FailedSave},
	year = {2020},
	url = {https://github.com/FailedSave/storytelling-guide/blob/master/Guide.md},
	entrysubtype = {coomer},
	annotation = {A predecessor to ``A Coomer's Guide to AI Dungeon''. Quite old now, missing a lot, but it’s written in a way that steps you through the process of cultivating a piece of erotic writing as it evolves, which is still a valuable perspective.}
}

@online{penn2011,
	title = {The Punctuation Guide},
	author = {Jordan Penn},
	year = {2011},
	url = {https://www.thepunctuationguide.com/},
	entrysubtype = {coomer},
	annotation = {An excellent resource for learning how to effectively use every kind of punctuation.}
}

@manual{wallenberg2004,
	title = {Punctuating Dialogue},
	author = {Wallenberg},
	year = {2004},
	month = may,
	url = {http://www.tinareber.com/wp-content/uploads/2013/08/punctuating.pdf},
	entrysubtype = {coomer},
	annotation = {Incredibly handy PDF file for keeping the many rules of dialogue formatting straight, so your story’s dialogue is high-quality and consistent.}
}

@online{ahrefscount,
	title = {Word Count},
	author = {Ahrefs},
	url = {https://www.wordcount.com/},
	entrysubtype = {writing},
	annotation = {It counts words, characters, and a few other handy things, too. Excellent tool for seeing how long your stories are, or whether your Author’s Note is at 150 characters yet.}
}

@manual{manwhore2020,
	title = {A Coomer’s Guide to AI Dungeon},
	author = {Manwhore},
	version = {4},
	year = {2020},
	url = {https://guide.aidg.club/A-Coomers-guide-to-AI-Dungeon/A%20Coomer's%20Guide%20to%20AI%20Dungeon.html},
	entrysubtype = {writing},
	annotation = {The comprehensive, up-to-date erotic writing guide.}
}

@book{browne2004,
	title = {Self-Editing for Fiction Writers},
	subtitle = {How to Edit Yourself Into Print},
	author = {Renni Browne and Dave King},
	year = {2004},
	edition = {2},
	url = {https://libgen.is/book/index.php?md5=378DC2ACDDFA931EAD042ABAD32943C4},
	entrysubtype = {writing},
	annotation = {Read this if you want to learn how to write.}
}

